@misc{Etingof_2020,
	title = {A brief introduction to quantum groups},
	author = {Pavel Etingof},
	year = {2020},
	month = {05},
	day = {05},
	url = {https://cmsa.fas.harvard.edu/media/quantgroups.pdf}
}

@misc{Haioun_2021,
	title = {Colored HOMFLY and quantum $sl_N$ invariant},
	author = {Benjamin Ha\"{i}oun},
	year = {2021},
	month = {02},
	day = {08},
	url = {https://lrobert.perso.math.cnrs.fr/HQI/Slides/HQI-Haioun.pdf}
}

@misc{Jones_2014,
	title = {The Jones polynomial for dummies}, 
	author = {Vaughan Jones},
	year = {2023},
	month = {02},
	day = {12},
	url = {https://people.math.harvard.edu/~ctm/home/text/class/harvard/101/22/html/home/pdf/for_dummies.pdf}
}

@misc{Jun_2023,
	title = {Knot invariants, tensor categories and quantum groups: why, how and what next}, 
	author = {Bryan Wang Peng Jun},
	year = {2023},
	url = {https://bwangpj.github.io/files/TensorCat.pdf}
}

@misc{Tingley_2015,
	title = {A minus sign that used to annoy me but now I know why it is there}, 
	author = {Peter Tingley},
	year = {2015},
	eprint = {1002.0555},
	archivePrefix = {arXiv},
	primaryClass = {math.GT},
	url = {https://arxiv.org/abs/1002.0555}
}

@book{Turaev_2017,
	title = {Monoidal Categories and Topological Field Theory},
	author = {Turaev, Vladimir. and Virelizier, Alexis.},
	year = {2017},
	isbn = {9783319498348},
	publisher = {Springer International Publishing},
	series = {Progress in Mathematics, 322}
}