@article{Evans_2012,
	title = {Near-group fusion categories and their doubles},
	author = {Evans, David and Gannon, Terry},
	fjournal = {Advances in Mathematics},
	journal = {Adv. Math.},
	year = {2012},
	month = {08},
	volume = {255}
}

@inproceedings{Izumi_2015,
	author = {Masaki Izumi},
	title = {A Cuntz algebra approach to the classification of near-group categories},
	year = {2017},
	booktitle = {Proceedings of the 2014 Maui and 2015 Qinhuangdao Conferences in Honour of Vaughan F. R. Jones' 60th Birthday},
	pages = {222-343},
	series = {Proc. Centre Math. Appl. Austral. Nat. Univ.},
	volume = {46},
	publisher = {Australian National University, Centre for Mathematics and its Applications, Canberra}
}

@article{Ostrik_2003,
	author = {Ostrik, Victor},
	title = {Module categories, weak Hopf algebras and modular invariants},
	fjournal = {Transformation Groups},
	journal = {Transform. Groups},
	year = {2003},
	month = {06},
	day = {01},
	volume = {8},
	number = {2},
	pages = {177-206},
	issn = {1531-586X},
	doi = {10.1007/s00031-003-0515-6},
	url = {https://doi.org/10.1007/s00031-003-0515-6}
}

@article{Tambara_1998,
	author = {Daisuke Tambara and Shigeru Yamagami},
	title = {Tensor Categories with Fusion Rules of Self-Duality for Finite Abelian Groups},
	fjournal = {Journal of Algebra},
	journal = {J. Algebra},
	volume = {209},
	number = {2},
	pages = {692-707},
	year = {1998},
	issn = {0021-8693},
	doi = {https://doi.org/10.1006/jabr.1998.7558},
	url = {https://www.sciencedirect.com/science/article/pii/S0021869398975585}
}