@article{Douglas_2020,
	title = {Dualizable tensor categories},
	volume = {268},
	ISSN = {1947-6221},
	url = {http://dx.doi.org/10.1090/memo/1308},
	DOI = {10.1090/memo/1308},
	number = {1308},
	fjournal = {Memoirs of the American Mathematical Society},
	journal = {Mem. Am. Math. Soc.},
	publisher = {American Mathematical Society (AMS)},
	author = {Douglas, Christopher and Schommer-Pries, Christopher and Snyder, Noah},
	year = {2020},
	month = {11}
}

@article{Etingof_2005,
	author = {Etingof, Pavel and Nikshych, Dmitri and Ostrik, Viktor},
	title = {On fusion categories},
	fjournal = {Annals of Mathematics. Second Series},
	journal = {Ann. Math. (2)},
	issn = {0003-486X},
	volume = {162},
	number = {2},
	pages = {581-642},
	year = {2005},
	language = {English},
	doi = {10.4007/annals.2005.162.581}
}

@article{Etingof_2010,
	title = {Fusion categories and homotopy theory},
	url = {https://ems.press/journals/qt/articles/2876},
	DOI = {https://doi.org/10.4171/qt/6},
	number = {3},
	fjournal = {Quantum Topology},
	journal = {Quantum Topol.},
	author = {Pavel Etingof and Dmitri Nikshych and Victor Ostrik},
	year = {2010},
	month = {08},
	day = {19},
	pages = {209-273}
}

@book{Etingof_2016,
	title = {Tensor Categories},
	author = {Etingof, P. and Gelaki, S. and Nikshych, D. and Ostrik, V.},
	isbn = {9781470434410},
	lccn = {2015006773},
	series = {Mathematical Surveys and Monographs},
	year = {2016},
	publisher = {American Mathematical Society}
}

@article{Evans_2014,
	author = {David E. Evans and Terry Gannon},
	title = {Near-group fusion categories and their doubles},
	fjournal = {Advances in Mathematics},
	journal = {Adv. Math.},
	volume = {255},
	pages = {586-640},
	year = {2014},
	issn = {0001-8708},
	doi = {https://doi.org/10.1016/j.aim.2013.12.014},
	url = {https://www.sciencedirect.com/science/article/pii/S000187081300460X}
}

@article{Grossman_2012,
	title = {Quantum Subgroups of the Haagerup Fusion Categories},
	volume = {311},
	ISSN = {1432-0916},
	url = {http://dx.doi.org/10.1007/s00220-012-1427-x},
	DOI = {10.1007/s00220-012-1427-x},
	number = {3},
	fjournal = {Communications in Mathematical Physics},
	journal = {Commun. Math. Phys.},
	publisher = {Springer Science and Business Media LLC},
	author = {Grossman, Pinhas and Snyder, Noah},
	year = {2012},
	month = {03},
	pages = {617â€“643}
}

@article{Izumi_2001,
	author = {Izumi, Masaki},
	title = {The Structure of Sectors Associated with Longo-Rehren Inclusions II: Examples},
	fjournal = {Reviews in Mathematical Physics},
	journal = {Rev. Math. Phys.},
	volume = {13},
	number = {05},
	pages = {603-674},
	year = {2001},
	doi = {10.1142/S0129055X01000818},
	URL = {https://doi.org/10.1142/S0129055X01000818},
	eprint = {https://doi.org/10.1142/S0129055X01000818}
}

@misc{Izumi_2015,
	title = {A Cuntz algebra approach to the classification of near-group categories},
	author = {Masaki Izumi},
	year = {2015},
	eprint = {1512.04288},
	archivePrefix = {arXiv},
	primaryClass = {math.OA},
	url = {https://arxiv.org/abs/1512.04288}
}

@article{Mackaay_2019,
	title = {Simple Transitive 2-Representations via (Co-)Algebra 1-Morphisms},
	author = {Marco Mackaay and Volodymyr Mazorchuk and Vanessa Miemietz and Daniel Tubbenhauer},
	year = {2019},
	journal = {Indiana Univ. Math. J.},
	fjournal = {Indiana University Mathematics Journal},
	number = {1},
	pages = {1-33},
	publisher = {Indiana University Mathematics Department},
	urldate = {2024-12-22},
	volume = {68},
	ISSN = {00222518, 19435258},
	URL = {https://www.jstor.org/stable/26769415}
}

@article{Ostrik_2003,
	author = {Ostrik, Victor},
	title = {Module categories, weak Hopf algebras and modular invariants},
	fjournal = {Transformation Groups},
	journal = {Transform. Groups},
	year = {2003},
	month = {06},
	day = {01},
	volume = {8},
	number = {2},
	pages = {177-206},
	issn = {1531-586X},
	doi = {10.1007/s00031-003-0515-6},
	url = {https://doi.org/10.1007/s00031-003-0515-6}
}

@article{Siehler_2002,
	title = {Near-group categories},
	author = {Jacob A. Siehler},
	fjournal = {Algebraic \& Geometric Topology},
	journal = {Algebr. Geom. Topol.},
	year = {2002},
	volume = {3},
	pages = {719-775},
	url = {https://api.semanticscholar.org/CorpusID:7268130}
}

@article{Tambara_1998,
	author = {Daisuke Tambara and Shigeru Yamagami},
	title = {Tensor Categories with Fusion Rules of Self-Duality for Finite Abelian Groups},
	fjournal = {Journal of Algebra},
	journal = {J. Algebra},
	volume = {209},
	number = {2},
	pages = {692-707},
	year = {1998},
	issn = {0021-8693},
	doi = {https://doi.org/10.1006/jabr.1998.7558},
	url = {https://www.sciencedirect.com/science/article/pii/S0021869398975585}
}

@book{Turaev_2016,
	url = {https://doi.org/10.1515/9783110435221},
	title = {Quantum Invariants of Knots and 3-Manifolds},
	author = {Vladimir G. Turaev},
	publisher = {De Gruyter},
	address = {Berlin, Boston},
	doi = {doi:10.1515/9783110435221},
	isbn = {9783110435221},
	year = {2016},
	lastchecked = {2023-06-03}
}